

@inproceedings{frey2006mixture,
  title={Mixture modeling by affinity propagation},
  author={Frey, Brendan J and Dueck, Delbert},
  booktitle={Advances in neural information processing systems},
  pages={379--386},
  year={2006}
}

@inproceedings{macqueen,
  title={Some methods for classification and analysis of multivariate observations},
  author={MacQueen, James},
  booktitle={Proceedings of the fifth Berkeley symposium on mathematical statistics and probability},
  volume={1},
  pages={281--297},
  year={1967},
  organization={Oakland, CA, USA}
}

@inproceedings{hamerly2002alternatives,
  title={Alternatives to the k-means algorithm that find better clusterings},
  author={Hamerly, Greg and Elkan, Charles},
  booktitle={Proceedings of the eleventh international conference on Information and knowledge management},
  pages={600--607},
  year={2002}
}

@article{chaudharydata,
  title={DATA CLUSTERING: Method and Techniques},
  author={Chaudhary, Latesh},
  journal={IRJMST},
  volume={3},
  number={1},
  pages={1-10},
  year={2012}
}

@article{jiang2019exemplar,
  title={Exemplar-based data stream clustering toward Internet of Things},
  author={Jiang, Yizhang and Bi, Anqi and Xia, Kaijian and Xue, Jing and Qian, Pengjiang},
  journal={The Journal of Supercomputing},
  pages={1--29},
  year={2019},
  publisher={Springer}
}

%Auther name??? did not accept
@article{frey2007clustering,
  title={Clustering by passing messages between data points},
  author={Frey},
  journal={science},
  volume={315},
  number={5814},
  pages={972--976},
  year={2007},
  publisher={American Association for the Advancement of Science}
}


@inproceedings{tappen2003comparison,
  title={Comparison of graph cuts with belief propagation for stereo, using identical MRF parameters},
  author={Tappen, Marshall F and Freeman, William T},
  booktitle={null},
  pages={900},
  year={2003},
  organization={IEEE}
}


@inproceedings{macqueen1967some,
  title={Some methods for classification and analysis of multivariate observations},
  author={MacQueen, James},
  booktitle={Proceedings of the fifth Berkeley symposium on mathematical statistics and probability},
  volume={1},
  pages={281--297},
  year={1967},
  organization={Oakland, CA, USA}
}


@book{dueck2009affinity,
  title={Affinity propagation: clustering data by passing messages},
  author={Dueck Delbert},
  year={2009},
  publisher={Citeseer}
}

@article{benavente2017automatic,
  title={Automatic survey-invariant classification of variable stars},
  author={Benavente, Patricio and Protopapas, Pavlos and Pichara, Karim},
  journal={The Astrophysical Journal},
  volume={845},
  number={2},
  pages={147},
  year={2017},
  publisher={IOP Publishing}
}


@article{ghesmoune2016state,
  title={State-of-the-art on clustering data streams},
  author={Ghesmoune, Mohammed and Lebbah, Mustapha and Azzag, Hanene},
  journal={Big Data Analytics},
  volume={1},
  number={1},
  pages={13},
  year={2016},
  publisher={BioMed Central}
}


@article{mansalis2018evaluation,
  title={An evaluation of data stream clustering algorithms},
  author={Mansalis, Stratos and Ntoutsi, Eirini and Pelekis, Nikos and Theodoridis, Yannis},
  journal={Statistical Analysis and Data Mining: The ASA Data Science Journal},
  volume={11},
  number={4},
  pages={167--187},
  year={2018},
  publisher={Wiley Online Library}
}


@article{carnein2019optimizing,
  title={Optimizing data stream representation: An extensive survey on stream clustering algorithms},
  author={Carnein, Matthias and Trautmann, Heike},
  journal={Business \& Information Systems Engineering},
  volume={61},
  number={3},
  pages={277--297},
  year={2019},
  publisher={Springer}
}


@article{silva2013data,
  title={Data stream clustering: A survey},
  author={Silva, Jonathan A and Faria, Elaine R and Barros, Rodrigo C and Hruschka, Eduardo R and Carvalho, Andr{\'e} CPLF de and Gama, Jo{\~a}o},
  journal={ACM Computing Surveys (CSUR)},
  volume={46},
  number={1},
  pages={1--31},
  year={2013},
  publisher={ACM New York, NY, USA}
}


@article{nguyen2015survey,
  title={A survey on data stream clustering and classification},
  author={Nguyen, Hai-Long and Woon, Yew-Kwong and Ng, Wee-Keong},
  journal={Knowledge and information systems},
  volume={45},
  number={3},
  pages={535--569},
  year={2015},
  publisher={Springer}
}

@inproceedings{aggarwal2003framework,
  title={A framework for clustering evolving data streams},
  author={Aggarwal, Charu C and Philip, S Yu and Han, Jiawei and Wang, Jianyong},
  booktitle={Proceedings 2003 VLDB conference},
  pages={81--92},
  year={2003},
  organization={Elsevier}
}


@book{han2011data,
  title={Data mining: concepts and techniques},
  author={Han, Jiawei and Pei, Jian and Kamber, Micheline},
  year={2011},
  publisher={Elsevier}
}

@inproceedings{toshniwal2013clustering,
  title={Clustering techniques for streaming data-a survey},
  author={Toshniwal, Durga},
  booktitle={2013 3rd IEEE International Advance Computing Conference (IACC)},
  pages={951--956},
  year={2013},
  organization={IEEE}
}


@book{aggarwal2007data,
  title={Data streams: models and algorithms},
  author={Aggarwal, Charu C},
  volume={31},
  year={2007},
  publisher={Springer Science \& Business Media}
}

@inproceedings{carnein2017empirical,
  title={An empirical comparison of stream clustering algorithms},
  author={Carnein, Matthias and Assenmacher, Dennis and Trautmann, Heike},
  booktitle={Proceedings of the computing frontiers conference},
  pages={361--366},
  year={2017}
}



@inproceedings{zhang2008data,
  title={Data streaming with affinity propagation},
  author={Zhang, Xiangliang and Furtlehner, Cyril and Sebag, Mich{\`e}le},
  booktitle={Joint European Conference on Machine Learning and Knowledge Discovery in Databases},
  pages={628--643},
  year={2008},
  organization={Springer}
}


@article{zubaroglu2020data,
  title={Data stream clustering: a review},
  author={Zubaroglu, Alaettin and Atalay, Volkan},
  journal={arXiv preprint arXiv:2007.10781},
  year={2020}
}

@article{zhang2013data,
  title={Data stream clustering with affinity propagation},
  author={Zhang, Xiangliang and Furtlehner, Cyril and Germain-Renaud, Cecile and Sebag, Michele},
  journal={IEEE Transactions on Knowledge and Data Engineering},
  volume={26},
  number={7},
  pages={1644--1656},
  year={2013},
  publisher={IEEE}
}


@article{sui2018dynamic,
  title={Dynamic clustering scheme for evolving data streams based on improved STRAP},
  author={Sui, Jinping and Liu, Zhen and Jung, Alexander and Liu, Li and Li, Xiang},
  journal={IEEE Access},
  volume={6},
  pages={46157--46166},
  year={2018},
  publisher={IEEE}
}


@article{atwa2015affinity,
  title={Affinity propagation-based clustering for data streams},
  author={Atwa, Walid and Li, Kan},
  journal={Applied Mathematics \& Information Sciences},
  volume={9},
  number={4},
  pages={2175},
  year={2015},
  publisher={Natural Sciences Publishing Corp}
}

%%%%% website
@MISC{SMF,
author = {Albert Bifet and Fabrício Ceschin and Heitor Murilo Gomes and Saulo Martiello Mastelini},
title = {SCIKIT-MULTIFLOW: A machine learning package for streaming data in Python},
year = {2020},
published={\url{https://scikit-multiflow.github.io/}}
}

@MISC{An2013,
author = {scikit learn developers},
title = {Comparing different clustering algorithms on toy datasets},
year = {2016},
published={\url{scikit-learn.org/0.18/auto_examples/cluster/plot_cluster_comparison.html}}
}


@MISC{people,
author = {International Road Dynamics Inc. (IRD)},
title = {multi-disciplinary Intelligent Transportation Systems (ITS) company},
year = {1980},
published={\url{https://www.irdinc.com/}}
}



@article{namiot2015indoor,
  title={On indoor positioning},
  author={Namiot, Dmitry},
  journal={International Journal of Open Information Technologies},
  volume={3},
  number={3},
  pages={23--26},
  year={2015}
}

@article{jeon2018ble,
  title={Ble beacons for internet of things applications: Survey, challenges, and opportunities},
  author={Jeon, Kang Eun and She, James and Soonsawad, Perm and Ng, Pai Chet},
  journal={IEEE Internet of Things Journal},
  volume={5},
  number={2},
  pages={811--828},
  year={2018},
  publisher={IEEE}
}


@article{mautz2012indoor,
  title={Indoor positioning technologies},
  author={Mautz, Rainer},
  journal={IEEE Internet of Things Journal},
  pages={1-127},
  year={2012},
  publisher={ETH Zurich, Department of Civil, Environmental and Geomatic Engineering~…}
}

@article{hu2015improving,
  title={Improving Wi-Fi indoor positioning via AP sets similarity and semi-supervised affinity propagation clustering},
  author={Hu, Xuke and Shang, Jianga and Gu, Fuqiang and Han, Qi},
  journal={International Journal of Distributed Sensor Networks},
  volume={11},
  number={1},
  pages={109642},
  year={2015},
  publisher={SAGE Publications Sage UK: London, England}
}


@article{subedi2019improving,
  title={Improving indoor fingerprinting positioning with affinity propagation clustering and weighted centroid fingerprint},
  author={Subedi, Santosh and Gang, Hui-Seon and Ko, Nak Yong and Hwang, Suk-Seung and Pyun, Jae-Young},
  journal={IEEE Access},
  volume={7},
  pages={31738--31750},
  year={2019},
  publisher={IEEE}
}

@article{wang2019affinity,
  title={An affinity propagation-based self-adaptive clustering method for wireless sensor networks},
  author={Wang, Jin and Gao, Yu and Wang, Kai and Sangaiah, Arun Kumar and Lim, Se-Jung},
  journal={Sensors},
  volume={19},
  number={11},
  pages={2579},
  year={2019},
  publisher={Multidisciplinary Digital Publishing Institute}
}


@article{refianti2017time,
  title={Time complexity comparison between affinity propagation algorithms.},
  author={Refianti, R and Mutiara, AB and Gunawan, S},
  journal={Journal of Theoretical \& Applied Information Technology},
  volume={95},
  pages={12},
  number={7},
  year={2017}
}


@inproceedings{torres2014ujiindoorloc,
  title={UJIIndoorLoc: A new multi-building and multi-floor database for WLAN fingerprint-based indoor localization problems},
  author={Torres-Sospedra, Joaqu{\'\i}n and Montoliu, Ra{\'u}l and Mart{\'\i}nez-Us{\'o}, Adolfo and Avariento, Joan P and Arnau, Tom{\'a}s J and Benedito-Bordonau, Mauri and Huerta, Joaqu{\'\i}n},
  booktitle={2014 international conference on indoor positioning and indoor navigation (IPIN)},
  pages={261--270},
  year={2014},
  organization={IEEE}
}

@article{xia2017indoor,
  title={Indoor fingerprint positioning based on Wi-Fi: An overview},
  author={Xia, Shixiong and Liu, Yi and Yuan, Guan and Zhu, Mingjun and Wang, Zhaohui},
  journal={ISPRS International Journal of Geo-Information},
  volume={6},
  number={5},
  pages={135},
  year={2017},
  publisher={Multidisciplinary Digital Publishing Institute}
}


@article{ivarispatio,
  title={Spatio-temporal Data Streaming with Affinity Propagation (DSAP)},
  author={Ivari, Nasrin E and Wachowicz, Monica and Agnew, Tamara and Williams, Patricia AH}
}


@article{montiel2018scikit,
  title={Scikit-multiflow: A multi-output streaming framework},
  author={Montiel, Jacob and Read, Jesse and Bifet, Albert and Abdessalem, Talel},
  journal={The Journal of Machine Learning Research},
  volume={19},
  number={1},
  pages={2915--2914},
  year={2018},
  publisher={JMLR. org}
}




@inproceedings{bifet2017extremely,
  title={Extremely fast decision tree mining for evolving data streams},
  author={Bifet, Albert and Zhang, Jiajin and Fan, Wei and He, Cheng and Zhang, Jianfeng and Qian, Jianfeng and Holmes, Geoff and Pfahringer, Bernhard},
  booktitle={Proceedings of the 23rd ACM SIGKDD International Conference on Knowledge Discovery and Data Mining},
  pages={1733--1742},
  year={2017}
}


@inproceedings{de2013samoa,
  title={SAMOA: A platform for mining big data streams},
  author={De Francisci Morales, Gianmarco},
  booktitle={Proceedings of the 22nd International Conference on World Wide Web},
  pages={777--778},
  year={2013}
}


@misc{holmes2007moa,
  title={MOA: massive online analysis},
  author={Holmes, Geoffrey and Kirkby, Richard and Pfahringer, Bernhard},
  journal={2010)[2015-03-09]. http://sourceforge. net/projects/moa-datastream},
  year={2007}
}

@article{xu2017fat,
  title={Fat node leading tree for data stream clustering with density peaks},
  author={Xu, Ji and Wang, Guoyin and Li, Tianrui and Deng, Weihui and Gou, Guanglei},
  journal={Knowledge-Based Systems},
  volume={120},
  pages={99--117},
  year={2017},
  publisher={Elsevier}
}


@article{hahsler2017introduction,
  title={Introduction to stream: An extensible framework for data stream clustering research with R},
  author={Hahsler, Michael and Bolanos, Matthew and Forrest, John},
  journal={Journal of Statistical Software},
  volume={76},
  number={14},
  pages={1--50},
  year={2017}
}


@article{rousseeuw1987silhouettes,
  title={Silhouettes: a graphical aid to the interpretation and validation of cluster analysis},
  author={Rousseeuw, Peter J},
  journal={Journal of computational and applied mathematics},
  volume={20},
  pages={53--65},
  year={1987},
  publisher={Elsevier}
}


@article{calinski1974dendrite,
  title={A dendrite method for cluster analysis},
  author={Cali{\'n}ski, Tadeusz and Harabasz, Jerzy},
  journal={Communications in Statistics-theory and Methods},
  volume={3},
  number={1},
  pages={1--27},
  year={1974},
  publisher={Taylor \& Francis}
}



@ARTICLE{4766909,
  author={D. L. {Davies} and D. W. {Bouldin}},
  journal={IEEE Transactions on Pattern Analysis and Machine Intelligence}, 
  title={A Cluster Separation Measure}, 
  year={1979},
  volume={PAMI-1},
  number={2},
  pages={224-227},
  doi={10.1109/TPAMI.1979.4766909}}



@phdthesis{xu2016scalable,
  title={Scalable Validation of Data Streams},
  author={Xu, Cheng},
  year={2016},
  school={Acta Universitatis Upsaliensis}
}



@article{li2014parallel,
  title={Parallel skyline queries over uncertain data streams in cloud computing environments},
  author={Li, Xiaoyong and Wang, Yijie and Li, Xiaoling and Wang, Yuan},
  journal={International Journal of Web and Grid Services},
  volume={10},
  number={1},
  pages={24--53},
  year={2014},
  publisher={Inderscience Publishers Ltd}
}





@article{packager,
  title={ Introduction to stream: An extensible framework for data stream clustering research with R},
  author={Hahsler, M. and Bolanos, M. and \& Forrest, J},
  journal={Journal of Statistical Software},
  volume={76},
  number={1},
  pages={1-50},
  year={2017},
  publisher={Journal of Statistical Software}
}



@inproceedings{cramariuc2016clustering,
  title={Clustering benefits in mobile-centric WiFi positioning in multi-floor buildings},
  author={Cramariuc, Andrei and Huttunen, Heikki and Lohan, Elena Simona},
  booktitle={2016 International Conference on Localization and GNSS (ICL-GNSS)},
  pages={1--6},
  year={2016},
  organization={IEEE}
}



@article{jain1999data,
  title={Data clustering: a review},
  author={Jain, Anil K and Murty, M Narasimha and Flynn, Patrick J},
  journal={ACM computing surveys (CSUR)},
  volume={31},
  number={3},
  pages={264--323},
  year={1999},
  publisher={Acm New York, NY, USA}
}


@article{han2001data,
  title={Data mining concepts and techniques, Morgan Kaufmann Publishers},
  author={Han, Jiawei and Kamber, Micheline},
  journal={San Francisco, CA},
  pages={335--391},
  year={2001}
}

@incollection{berkhin2006survey,
  title={A survey of clustering data mining techniques},
  author={Berkhin, Pavel},
  booktitle={Grouping multidimensional data},
  pages={25--71},
  year={2006},
  publisher={Springer}
}



@book{zumel2014practical,
  title={Practical data science with R},
  author={Zumel, Nina and Mount, John and Porzak, Jim},
  year={2014},
  publisher={Manning Shelter Island, NY}
}


@article{swarndeep2016overview,
  title={An overview of partitioning algorithms in clustering techniques},
  author={Swarndeep Saket, J and Pandya, Sharnil},
  journal={International Journal of Advanced Research in Computer Engineering \& Technology (IJARCET)},
  volume={5},
  number={6},
  pages={1943--1946},
  year={2016}
}


@article{xu2015comprehensive,
  title={A comprehensive survey of clustering algorithms},
  author={Xu, Dongkuan and Tian, Yingjie},
  journal={Annals of Data Science},
  volume={2},
  number={2},
  pages={165--193},
  year={2015},
  publisher={Springer}
}

@mastersthesis{luke,
  author       = {Luke McCully}, 
  title        = {Quantified Self: Building a Multi-Time Window Analytical Workflow for Clustering Wearable Data Streams},
  school       = {University of New Brunsiwck},
  year         = 2020,
  address      = {Fredericton},
  month        = 12,
  note         = {}
}




@article{khalilian2016data,
  title={Data stream clustering by divide and conquer approach based on vector model},
  author={Khalilian, Madjid and Mustapha, Norwati and Sulaiman, Nasir},
  journal={Journal of Big Data},
  volume={3},
  number={1},
  pages={1--21},
  year={2016},
  publisher={SpringerOpen}
}



@inproceedings{nittel2004scaling,
  title={Scaling Clustering Algorithms for Massive Data Sets using Data Streams.},
  author={Nittel, Silvia and Leung, Kelvin T and Braverman, Amy},
  booktitle={ICDE},
  volume={4},
  pages={830},
  year={2004}
}




@inproceedings{ding2013fingerprinting,
  title={Fingerprinting localization based on affinity propagation clustering and artificial neural networks},
  author={Ding, Genming and Tan, Zhenhui and Zhang, Jinbao and Zhang, Lingwen},
  booktitle={2013 IEEE Wireless Communications and Networking Conference (WCNC)},
  pages={2317--2322},
  year={2013},
  organization={IEEE}
}



@article{das2007automatic,
  title={Automatic clustering using an improved differential evolution algorithm},
  author={Das, Swagatam and Abraham, Ajith and Konar, Amit},
  journal={IEEE Transactions on systems, man, and cybernetics-Part A: Systems and Humans},
  volume={38},
  number={1},
  pages={218--237},
  year={2007},
  publisher={IEEE}
}



@inproceedings{chen2007density,
  title={Density-based clustering for real-time stream data},
  author={Chen, Yixin and Tu, Li},
  booktitle={Proceedings of the 13th ACM SIGKDD international conference on Knowledge discovery and data mining},
  pages={133--142},
  year={2007}
}




@inproceedings{carraher2016random,
  title={Random projection clustering on streaming data},
  author={Carraher, Lee A and Wilsey, Philip A and Moitra, Anindya and Dey, Sayantan},
  booktitle={2016 IEEE 16th International Conference on Data Mining Workshops (ICDMW)},
  pages={708--715},
  year={2016},
  organization={IEEE}
}




@inproceedings{ailon2009streaming,
  title={Streaming k-means approximation.},
  author={Ailon, Nir and Jaiswal, Ragesh and Monteleoni, Claire},
  booktitle={NIPS},
  volume={4},
  pages={2},
  year={2009}
}


@inproceedings{braverman2011streaming,
  title={Streaming k-means on well-clusterable data},
  author={Braverman, Vladimir and Meyerson, Adam and Ostrovsky, Rafail and Roytman, Alan and Shindler, Michael and Tagiku, Brian},
  booktitle={Proceedings of the twenty-second annual ACM-SIAM symposium on Discrete Algorithms},
  pages={26--40},
  year={2011},
  organization={SIAM}
}


@article{arbelaitz2013extensive,
  title={An extensive comparative study of cluster validity indices},
  author={Arbelaitz, Olatz and Gurrutxaga, Ibai and Muguerza, Javier and P{\'e}rez, Jes{\'u}s M and Perona, Inigo},
  journal={Pattern Recognition},
  volume={46},
  number={1},
  pages={243--256},
  year={2013},
  publisher={Elsevier}
}




@article{zhou2008tracking,
  title={Tracking clusters in evolving data streams over sliding windows},
  author={Zhou, Aoying and Cao, Feng and Qian, Weining and Jin, Cheqing},
  journal={Knowledge and Information Systems},
  volume={15},
  number={2},
  pages={181--214},
  year={2008},
  publisher={Springer}
}



@inproceedings{o2002streaming,
  title={Streaming-data algorithms for high-quality clustering},
  author={O'callaghan, Liadan and Mishra, Nina and Meyerson, Adam and Guha, Sudipto and Motwani, Rajeev},
  booktitle={Proceedings 18th International Conference on Data Engineering},
  pages={685--694},
  year={2002},
  organization={IEEE}
}


@inproceedings{spinosa2007olindda,
  title={Olindda: A cluster-based approach for detecting novelty and concept drift in data streams},
  author={Spinosa, Eduardo J and de Leon F. de Carvalho, Andr{\'e} Ponce and Gama, Jo{\~a}o},
  booktitle={Proceedings of the 2007 ACM symposium on Applied computing},
  pages={448--452},
  year={2007}
}



@article{ackermann2012streamk,
  title={Streamkm++ a clustering algorithm for data streams},
  author={Ackermann, Marcel R and M{\"a}rtens, Marcus and Raupach, Christoph and Swierkot, Kamil and Lammersen, Christiane and Sohler, Christian},
  journal={Journal of Experimental Algorithmics (JEA)},
  volume={17},
  pages={2--1},
  year={2012},
  publisher={ACM New York, NY, USA}
}



@inproceedings{yang2006hclustream,
  title={Hclustream: A novel approach for clustering evolving heterogeneous data stream},
  author={Yang, Chunyu and Zhou, Jie},
  booktitle={Sixth IEEE International Conference on Data Mining-Workshops (ICDMW'06)},
  pages={682--688},
  year={2006},
  organization={IEEE}
}



@inproceedings{fichtenberger2013bico,
  title={BICO: BIRCH meets coresets for k-means clustering},
  author={Fichtenberger, Hendrik and Gill{\'e}, Marc and Schmidt, Melanie and Schwiegelshohn, Chris and Sohler, Christian},
  booktitle={European symposium on Algorithms},
  pages={481--492},
  year={2013},
  organization={Springer}
}




@article{mousavi2015data,
  title={Data stream clustering algorithms: A review},
  author={Mousavi, Maryam and Bakar, Azuraliza Abu and Vakilian, Mohammadmahdi},
  journal={Int J Adv Soft Comput Appl},
  volume={7},
  number={3},
  pages={13},
  year={2015}
}




@inproceedings{li2012improved,
  title={An improved online stream data clustering algorithm},
  author={Li, Lingjuan and Li, Xiong},
  booktitle={2012 Second International Conference on Business Computing and Global Informatization},
  pages={526--529},
  year={2012},
  organization={IEEE}
}



@inproceedings{zhang2009toward,
  title={Toward autonomic grids: Analyzing the job flow with affinity streaming},
  author={Zhang, Xiangliang and Furtlehner, Cyril and Perez, Julien and Germain-Renaud, Cecile and Sebag, Mich{\`e}le},
  booktitle={Proceedings of the 15th ACM SIGKDD international conference on Knowledge discovery and data mining},
  pages={987--996},
  year={2009}
}







@inproceedings{zhang2013online,
  title={Online stream clustering using density and affinity propagation algorithm},
  author={Zhang, Jian-Peng and Chen, Fu-Cai and Liu, Li-Xiong and Li, Shao-Mei},
  booktitle={2013 IEEE 4th International Conference on Software Engineering and Service Science},
  pages={828--832},
  year={2013},
  organization={IEEE}
}




@inproceedings{sunmood2018evolution,
  title={Evolution and affinity-propagation based approach for data stream clustering},
  author={Sunmood, Aris and Rakthanmanon, Thanawin and Waiyamai, Kitsana},
  booktitle={Proceedings of the 4th International Conference on Frontiers of Educational Technologies},
  pages={97--101},
  year={2018}
}


@article{fisher1987knowledge,
  title={Knowledge acquisition via incremental conceptual clustering},
  author={Fisher, Douglas H},
  journal={Machine learning},
  volume={2},
  number={2},
  pages={139--172},
  year={1987},
  publisher={Springer}
}


@inproceedings{tasoulis2006unsupervised,
  title={Unsupervised clustering in streaming data},
  author={Tasoulis, Dimitris K and Adams, Niall M and Hand, David J},
  booktitle={Sixth IEEE International Conference on Data Mining-Workshops (ICDMW'06)},
  pages={638--642},
  year={2006},
  organization={IEEE}
}



@inproceedings{zhou2007distributed,
  title={Distributed data stream clustering: A fast em-based approach},
  author={Zhou, Aoying and Cao, Feng and Yan, Ying and Sha, Chaofeng and He, Xiaofeng},
  booktitle={2007 IEEE 23rd international conference on data engineering},
  pages={736--745},
  year={2007},
  organization={IEEE}
}






@inproceedings{dang2009based,
  title={An EM-based algorithm for clustering data streams in sliding windows},
  author={Dang, Xuan Hong and Lee, Vincent and Ng, Wee Keong and Ciptadi, Arridhana and Ong, Kok Leong},
  booktitle={International conference on database systems for advanced applications},
  pages={230--235},
  year={2009},
  organization={Springer}
}






@article{wang2011svstream,
  title={SVStream: A support vector-based algorithm for clustering data streams},
  author={Wang, Chang-Dong and Lai, Jian-Huang and Huang, Dong and Zheng, Wei-Shi},
  journal={IEEE Transactions on Knowledge and Data Engineering},
  volume={25},
  number={6},
  pages={1410--1424},
  year={2011},
  publisher={IEEE}
}


@article{kodinariya2013review,
  title={Review on determining number of Cluster in K-Means Clustering},
  author={Kodinariya, Trupti M and Makwana, Prashant R},
  journal={International Journal},
  volume={1},
  number={6},
  pages={90--95},
  year={2013}
}



@article{carbonare2018clustering,
  title={Clustering the occupant behavior in residential buildings: a method comparison},
  author={Carbonare, Nicol{\'a}s and Pflug, Thibault and Wagner, Andreas},
  journal={Bauphysik},
  volume={40},
  number={6},
  pages={427--433},
  year={2018},
  publisher={Wiley Online Library}
}



@inproceedings{gao2005incremental,
  title={An incremental data stream clustering algorithm based on dense units detection},
  author={Gao, Jing and Li, Jianzhong and Zhang, Zhaogong and Tan, Pang-Ning},
  booktitle={Pacific-Asia Conference on Knowledge Discovery and Data Mining},
  pages={420--425},
  year={2005},
  organization={Springer}
}



@inproceedings{jia2008grid,
  title={A grid and density-based clustering algorithm for processing data stream},
  author={Jia, Chen and Tan, ChengYu and Yong, Ai},
  booktitle={2008 Second International Conference on Genetic and Evolutionary Computing},
  pages={517--521},
  year={2008},
  organization={IEEE}
}


@MISC{SensM,
author = {SensMax},
title = {Description of wireless people counting sensor SensMax S1},
year = {2018},
published={\url{https://sensmax.eu/devices/wireless-people-counter-sensmax-pro-s1-superlongrange//}}
}


@article{zhang1996birch,
  title={BIRCH: an efficient data clustering method for very large databases},
  author={Zhang, Tian and Ramakrishnan, Raghu and Livny, Miron},
  journal={ACM sigmod record},
  volume={25},
  number={2},
  pages={103--114},
  year={1996},
  publisher={ACM New York, NY, USA}
}




@inproceedings{cao2006density,
  title={Density-based clustering over an evolving data stream with noise},
  author={Cao, Feng and Estert, Martin and Qian, Weining and Zhou, Aoying},
  booktitle={Proceedings of the 2006 SIAM international conference on data mining},
  pages={328--339},
  year={2006},
  organization={SIAM}
}



@article{dhillon2001concept,
  title={Concept decompositions for large sparse text data using clustering},
  author={Dhillon, Inderjit S and Modha, Dharmendra S},
  journal={Machine learning},
  volume={42},
  number={1},
  pages={143--175},
  year={2001},
  publisher={Springer}
}



@article{selim1984k,
  title={K-means-type algorithms: A generalized convergence theorem and characterization of local optimality},
  author={Selim, Shokri Z and Ismail, Mohamed A},
  journal={IEEE Transactions on pattern analysis and machine intelligence},
  number={1},
  pages={81--87},
  year={1984},
  publisher={IEEE}
}



@inproceedings{ren2009density,
  title={Density-based data streams clustering over sliding windows},
  author={Ren, Jiadong and Ma, Ruiqing},
  booktitle={2009 Sixth international conference on fuzzy systems and knowledge discovery},
  volume={5},
  pages={248--252},
  year={2009},
  organization={IEEE}
}


@inproceedings{lin2009density,
  title={A density-based clustering over evolving heterogeneous data stream},
  author={Lin, Jinxian and Lin, Hui},
  booktitle={2009 ISECS international colloquium on computing, communication, control, and management},
  volume={4},
  pages={275--277},
  year={2009},
  organization={IEEE}
}


@article{forestiero2013single,
  title={A single pass algorithm for clustering evolving data streams based on swarm intelligence},
  author={Forestiero, Agostino and Pizzuti, Clara and Spezzano, Giandomenico},
  journal={Data Mining and Knowledge Discovery},
  volume={26},
  number={1},
  pages={1--26},
  year={2013},
  publisher={Springer}
}




@inproceedings{liu2009rdenstream,
  title={rDenStream, a clustering algorithm over an evolving data stream},
  author={Liu, Li-xiong and Huang, Hai and Guo, Yun-fei and Chen, Fu-cai},
  booktitle={2009 international conference on information engineering and computer science},
  pages={1--4},
  year={2009},
  organization={IEEE}
}



@inproceedings{ruiz2009c,
  title={C-denstream: Using domain knowledge on a data stream},
  author={Ruiz, Carlos and Menasalvas, Ernestina and Spiliopoulou, Myra},
  booktitle={International Conference on Discovery Science},
  pages={287--301},
  year={2009},
  organization={Springer}
}


@inproceedings{hassani2012density,
  title={Density-based projected clustering of data streams},
  author={Hassani, Marwan and Spaus, Pascal and Gaber, Mohamed Medhat and Seidl, Thomas},
  booktitle={International Conference on Scalable Uncertainty Management},
  pages={311--324},
  year={2012},
  organization={Springer}
}


@inproceedings{ntoutsi2012density,
  title={Density-based projected clustering over high dimensional data streams},
  author={Ntoutsi, Irene and Zimek, Arthur and Palpanas, Themis and Kr{\"o}ger, Peer and Kriegel, Hans-Peter},
  booktitle={Proceedings of the 2012 SIAM international conference on data mining},
  pages={987--998},
  year={2012},
  organization={SIAM}
}




@inproceedings{lorbeer2016birch,
  title={A-BIRCH: automatic threshold estimation for the BIRCH clustering algorithm},
  author={Lorbeer, Boris and Kosareva, Ana and Deva, Bersant and Softi{\'c}, D{\v{z}}enan and Ruppel, Peter and K{\"u}pper, Axel},
  booktitle={INNS conference on Big Data},
  pages={169--178},
  year={2016},
  organization={Springer}
}


@article{ismael2014improved,
  title={Improved multi threshold birch clustering algorithm},
  author={Ismael, Nidal and Alzaalan, Mahmoud and Ashour, Wesam},
  journal={International Journal of Artificial Intelligence and Applications for Smart Devices},
  volume={2},
  number={1},
  pages={1--10},
  year={2014}
}



@article{pereira2014ts,
  title={TS-stream: clustering time series on data streams},
  author={Pereira, C{\'a}ssio MM and De Mello, Rodrigo F},
  journal={Journal of Intelligent Information Systems},
  volume={42},
  number={3},
  pages={531--566},
  year={2014},
  publisher={Springer}
}



